% Encoding: windows-1252

@BOOK{BoeckleKnauberPohl+04,
  title = {Software-Produktlinien},
  publisher = {Dpunkt-Verlag},
  year = {2004},
  author = {Günther B{\"o}ckle and Peter Knauber and Klaus Pohl and Klaus Schmid},
}

@Book{Boeckle20098,
  title     = {Software-Produktlinien},
  publisher = {Dpunkt-Verlag},
  year      = {20098},
  author    = {Günther B{\"o}ckle and Peter Knauber and Klaus Pohl and Klaus Schmid},
}

@Misc{jenkins_docs,
  author = {jenkins incorpora},
  title  = {my title for the docs},
  year   = {2008},
}

@Misc{jenkins_src,
  author = {jenkins incorpora},
  title  = {my title for the docs},
  year   = {2008},
  url    = {https://github.com/jenkinsci/jenkins},
}

@Misc{jenkins_license,
  author = {Jenkins},
  title  = {MIT License},
  year   = {2008},
  url    = {https://jenkins.io/license/},
}

@Article{Waller2015,
  author    = {Jan Waller and Nils C. Ehmke and Wilhelm Hasselbring},
  title     = {Including Performance Benchmarks into Continuous Integration to Enable {DevOps}},
  journal   = {{ACM} {SIGSOFT} Software Engineering Notes},
  year      = {2015},
  volume    = {40},
  number    = {2},
  pages     = {1--4},
  month     = {apr},
  doi       = {10.1145/2735399.2735416},
  file      = {:/Users/anzumana/Dropbox/projects/seminar/p38b-waller.pdf:PDF},
  publisher = {Association for Computing Machinery ({ACM})},
  url       = {http://dx.doi.org/10.1145/2735399.2735416},
}

@Misc{jenkins_blue_ocean,
  author = {Jenkins},
  title  = {https://jenkins.io/projects/blueocean/},
  year   = {2008},
  url    = {https://jenkins.io/projects/blueocean/},
}

@Comment{jabref-meta: databaseType:bibtex;}
